@article{dukkipati2010argument,
  title={An argument for increasing TCP's initial congestion window.},
  author={Dukkipati, Nandita and Refice, Tiziana and Cheng, Yuchung and Chu, Jerry and Herbert, Tom and Agarwal, Amit and Jain, Arvind and Sutin, Natalia},
  journal={Computer Communication Review},
  volume={40},
  number={3},
  pages={26--33},
  year={2010}
}

@misc{rfc6675,
  title={A Conservative Loss Recovery Algorithm Based on Selective Acknowledgment (SACK) for TCP},
  author={Blanton, E and Allman, M and Wang, L and Jarvinen, I and Kojo, M and Nishida, Y},
  year={2012},
  note={RFC 6675 (Proposed Standard)}
}

@inproceedings{flach2013reducing,
  title={Reducing web latency: the virtue of gentle aggression},
  author={Flach, Tobias and Dukkipati, Nandita and Terzis, Andreas and Raghavan, Barath and Cardwell, Neal and Cheng, Yuchung and Jain, Ankur and Hao, Shuai and Katz-Bassett, Ethan and Govindan, Ramesh},
  booktitle={ACM SIGCOMM},
  pages={159--170},
  year={2013},
  organization={ACM}
}

@inproceedings{Wang:2011:USM:2018436.2018479,
 author = {Wang, Zhaoguang and Qian, Zhiyun and Xu, Qiang and Mao, Zhuoqing and Zhang, Ming},
 title = {An Untold Story of Middleboxes in Cellular Networks},
 booktitle = {Proceedings of the ACM SIGCOMM},
 year = {2011}
} 

@incollection{schalkwyk2010your,
  title={?Your Word is my Command?: Google Search by Voice: A Case Study},
  author={Schalkwyk, Johan and Beeferman, Doug and Beaufays, Fran{\c{c}}oise and Byrne, Bill and Chelba, Ciprian and Cohen, Mike and Kamvar, Maryam and Strope, Brian},
  booktitle={Advances in Speech Recognition},
  pages={61--90},
  year={2010},
  publisher={Springer US}
}


@inproceedings{36463,
title = {Search by Voice in Mandarin Chinese},
author  = {Jiulong Shan and Genqing Wu and Zhihong Hu and Xiliu Tang and Martin Jansche and Pedro J. Moreno},
year  = 2010,
booktitle = {Interspeech},
}

@article{krishnan2013video,
  title={Video stream quality impacts viewer behavior: inferring causality using quasi-experimental designs},
  author={Krishnan, S Shunmuga and Sitaraman, Ramesh K},
  journal={Networking, IEEE/ACM Transactions on},
  volume={21},
  number={6},
  pages={2001--2014},
  year={2013},
  publisher={IEEE}
}

@misc{rfc3078,
  title={Using TCP duplicate selective acknowledgement (DSACKs) and stream control transmission protocol (SCTP) duplicate transmission sequence numbers (TSNs) to detect spurious retransmissions},
  author={Blanton, Ethan and Allman, Mark},
  year={2004},
  note={RFC 3078}
}

@misc{rfc7323,
  title={TCP Extensions for High Performance},
  author={Borman, D and Braden, B and Jacobson, V and Scheffenegger, R},
  year={2014},
  note={RFC 7323}
}

@article{brakmo1995tcp,
  title={TCP Vegas: End to end congestion avoidance on a global Internet},
  author={Brakmo, Lawrence S. and Peterson, Larry L.},
  journal={Selected Areas in Communications, IEEE Journal on},
  volume={13},
  number={8},
  pages={1465--1480},
  year={1995},
  publisher={IEEE}
}

@article{wei2006fast,
  title={FAST TCP: motivation, architecture, algorithms, performance},
  author={Wei, David X and Jin, Cheng and Low, Steven H and Hegde, Sanjay},
  journal={IEEE/ACM Transactions on Networking (ToN)},
  volume={14},
  number={6},
  pages={1246--1259},
  year={2006},
  publisher={IEEE Press}
}

@misc{rfc62982011computing,
  title={Computing TCPâ€™s Retransmission Timer},
  author={RFC6298, V Paxson and Allman, M and Chu, J and Sargent, M},
  year={2011},
  publisher={June}
}

@inproceedings{jacobson1988congestion,
  title={Congestion avoidance and control},
  author={Jacobson, Van},
  booktitle={ACM SIGCOMM Computer Communication Review},
  volume={18},
  number={4},
  pages={314--329},
  year={1988},
  organization={ACM}
}

@techreport{sarolahti2005forward,
  title={Forward RTO-Recovery (F-RTO): An algorithm for detecting spurious retransmission timeouts with TCP and the stream control transmission protocol (SCTP)},
  author={Sarolahti, P and Kojo, M},
  year={2005},
  institution={RFC 4138, August}
}

@article{UM-CS-2012-022,
  title={Characterizing 4g and 3g networks: Supporting mobility with multi-path tcp},
  author={Chen, Yung-Chih and Nahum, Erich M and Gibbens, Richard J and Towsley, Don and sup Lim, Y},
  journal={University of Massachusetts Amherst, Tech. Rep},
  year={2012}
}

@inproceedings{Song:2013:EEU:2488388.2488493,
 author = {Song, Yang and Ma, Hao and Wang, Hongning and Wang, Kuansan},
 title = {Exploring and Exploiting User Search Behavior on Mobile and Tablet Devices to Improve Search Relevance},
 booktitle = {Proceedings of the ACM WWW},
 year = {2013}
}

@misc{rfc56812009tcp,
  title={TCP congestion Control},
  author={RFC5681, M Allman and Paxson, V and Blanton, E},
  year={2009},
  publisher={September}
}

@inproceedings{honda2011isit,
  title={Is it Still Possible to Extend TCP?},
  author={ Honda, Michio and  Nishida, Yoshifumi and  Raiciu, Costin and  Greenhalgh, Adam and  Handley, Mark and  Tokuda, Hideyuki},
  booktitle={IMC},
  pages={181-194},
  year={2011},
  organization={ACM}
}

@inproceedings{chen2012network,
  title={Network performance of smart mobile handhelds in a university campus WiFi network},
  author={Chen, Xian and Jin, Ruofan and Suh, Kyoungwon and Wang, Bing and Wei, Wei},
  booktitle={Proceedings of the 2012 ACM conference on Internet measurement conference},
  pages={315--328},
  year={2012},
  organization={ACM}
}

@inproceedings{sharma2010goodput,
  title={On the goodput of TCP NewReno in mobile networks},
  author={Sharma, Sushant and Gillies, Donald and Feng, Wu-chun},
  booktitle={Computer Communications and Networks (ICCCN), 2010 Proceedings of 19th International Conference on},
  pages={1--8},
  year={2010},
  organization={IEEE}
}